<record><leader>00000cas a22000007a 4500</leader><controlfield tag="001">2262291</controlfield><controlfield tag="008">760620d19411942mnuwr pe      0    0eng d</controlfield><controlfield tag="009">54</controlfield><datafield ind1=" " ind2=" " tag="010"><subfield code="a">sn 90059955 </subfield></datafield><datafield ind1=" " ind2=" " tag="040"><subfield code="a">PIT</subfield><subfield code="b">eng</subfield><subfield code="c">PIT</subfield><subfield code="d">OCL</subfield><subfield code="d">MN#</subfield><subfield code="d">OCL</subfield><subfield code="d">OCLCQ</subfield><subfield code="d">DLC</subfield></datafield><datafield ind1=" " ind2=" " tag="019"><subfield code="a">1695146</subfield></datafield><datafield ind1="1" ind2=" " tag="029"><subfield code="a">AU@</subfield><subfield code="b">000026518803</subfield></datafield><datafield ind1=" " ind2=" " tag="042"><subfield code="a">msc</subfield></datafield><datafield ind1=" " ind2=" " tag="043"><subfield code="a">n-us-mn</subfield></datafield><datafield ind1=" " ind2=" " tag="052"><subfield code="a">4144</subfield><subfield code="b">M5</subfield></datafield><datafield ind1="0" ind2="4" tag="245"><subfield code="a">The industrial organizer.</subfield></datafield><datafield ind1=" " ind2=" " tag="260"><subfield code="a">Minneapolis, Minn. :</subfield><subfield code="b">Motor Transport and Allied Workers Industrial Union Local 544-CIO,</subfield><subfield code="c">1941-</subfield></datafield><datafield ind1=" " ind2=" " tag="310"><subfield code="a">Weekly</subfield></datafield><datafield ind1="0" ind2=" " tag="362"><subfield code="a">Vol. 1, no. 1 (July 17, 1941)-</subfield></datafield><datafield ind1="1" ind2=" " tag="362"><subfield code="a">Ceased with issue for May 16, 1942?</subfield></datafield><datafield ind1=" " ind2=" " tag="530"><subfield code="a">Available on microfilm from the Minnesota Historical Society.</subfield></datafield><datafield ind1=" " ind2=" " tag="550"><subfield code="a">Official organ of Motor Transport and Allied Workers Industrial Union Local 544-CIO.</subfield></datafield><datafield ind1="2" ind2="0" tag="610"><subfield code="a">Motor Transport and Allied Workers Industrial Union.</subfield><subfield code="b">Local 544 (Minneapolis, Minn.)</subfield><subfield code="v">Periodicals.</subfield></datafield><datafield ind1=" " ind2="0" tag="650"><subfield code="a">Labor unions</subfield><subfield code="z">Minnesota</subfield><subfield code="v">Periodicals.</subfield></datafield><datafield ind1="2" ind2=" " tag="710"><subfield code="a">Motor Transport and Allied Workers Industrial Union.</subfield><subfield code="b">Local 544 (Minneapolis, Minn.)</subfield></datafield><datafield ind1=" " ind2=" " tag="752"><subfield code="a">United States</subfield><subfield code="b">Minnesota</subfield><subfield code="c">Hennepin</subfield><subfield code="d">Minneapolis.</subfield></datafield><datafield ind1="0" ind2="0" tag="780"><subfield code="t">Northwest organizer</subfield><subfield code="w">(DLC)sn 90060151</subfield></datafield></record>